%YAML 1.1
%TAG !u! tag:unity3d.com,2011:
--- !u!114 &271743586118811351
MonoBehaviour:
  m_ObjectHideFlags: 0
  m_CorrespondingSourceObject: {fileID: 0}
  m_PrefabInstance: {fileID: 0}
  m_PrefabAsset: {fileID: 0}
  m_GameObject: {fileID: 6924924989061412354}
  m_Enabled: 1
  m_EditorHideFlags: 0
  m_Script: {fileID: 11500000, guid: 161634cc698c5584c843ff5e3c73a5bf, type: 3}
  m_Name: 
  m_EditorClassIdentifier: 
--- !u!1001 &1120532886686142428
PrefabInstance:
  m_ObjectHideFlags: 0
  serializedVersion: 2
  m_Modification:
    m_TransformParent: {fileID: 6924924989061412366}
    m_Modifications:
    - target: {fileID: 133518, guid: 30cf93deff988e74e88a144bd2127c18, type: 3}
      propertyPath: m_Name
      value: Character_Knights_Soldier_01
      objectReference: {fileID: 0}
    - target: {fileID: 417656, guid: 30cf93deff988e74e88a144bd2127c18, type: 3}
      propertyPath: m_LocalPosition.x
      value: 0
      objectReference: {fileID: 0}
    - target: {fileID: 417656, guid: 30cf93deff988e74e88a144bd2127c18, type: 3}
      propertyPath: m_LocalPosition.y
      value: 0
      objectReference: {fileID: 0}
    - target: {fileID: 417656, guid: 30cf93deff988e74e88a144bd2127c18, type: 3}
      propertyPath: m_LocalPosition.z
      value: 0
      objectReference: {fileID: 0}
    - target: {fileID: 417656, guid: 30cf93deff988e74e88a144bd2127c18, type: 3}
      propertyPath: m_LocalRotation.x
      value: -0
      objectReference: {fileID: 0}
    - target: {fileID: 417656, guid: 30cf93deff988e74e88a144bd2127c18, type: 3}
      propertyPath: m_LocalRotation.y
      value: -0
      objectReference: {fileID: 0}
    - target: {fileID: 417656, guid: 30cf93deff988e74e88a144bd2127c18, type: 3}
      propertyPath: m_LocalRotation.z
      value: -0
      objectReference: {fileID: 0}
    - target: {fileID: 417656, guid: 30cf93deff988e74e88a144bd2127c18, type: 3}
      propertyPath: m_LocalRotation.w
      value: 1
      objectReference: {fileID: 0}
    - target: {fileID: 417656, guid: 30cf93deff988e74e88a144bd2127c18, type: 3}
      propertyPath: m_RootOrder
      value: 0
      objectReference: {fileID: 0}
    - target: {fileID: 417656, guid: 30cf93deff988e74e88a144bd2127c18, type: 3}
      propertyPath: m_LocalEulerAnglesHint.x
      value: 0
      objectReference: {fileID: 0}
    - target: {fileID: 417656, guid: 30cf93deff988e74e88a144bd2127c18, type: 3}
      propertyPath: m_LocalEulerAnglesHint.y
      value: 0
      objectReference: {fileID: 0}
    - target: {fileID: 417656, guid: 30cf93deff988e74e88a144bd2127c18, type: 3}
      propertyPath: m_LocalEulerAnglesHint.z
      value: 0
      objectReference: {fileID: 0}
    - target: {fileID: 13787996, guid: 30cf93deff988e74e88a144bd2127c18, type: 3}
      propertyPath: m_Bones.Array.data[0]
      value: 
      objectReference: {fileID: 1120532886686274798}
    - target: {fileID: 13787996, guid: 30cf93deff988e74e88a144bd2127c18, type: 3}
      propertyPath: m_Bones.Array.data[1]
      value: 
      objectReference: {fileID: 1120532886686317540}
    - target: {fileID: 13787996, guid: 30cf93deff988e74e88a144bd2127c18, type: 3}
      propertyPath: m_Bones.Array.data[2]
      value: 
      objectReference: {fileID: 1120532886686304450}
    - target: {fileID: 13787996, guid: 30cf93deff988e74e88a144bd2127c18, type: 3}
      propertyPath: m_Bones.Array.data[3]
      value: 
      objectReference: {fileID: 1120532886686310614}
    - target: {fileID: 13787996, guid: 30cf93deff988e74e88a144bd2127c18, type: 3}
      propertyPath: m_Bones.Array.data[4]
      value: 
      objectReference: {fileID: 1120532886686321328}
    - target: {fileID: 13787996, guid: 30cf93deff988e74e88a144bd2127c18, type: 3}
      propertyPath: m_Bones.Array.data[5]
      value: 
      objectReference: {fileID: 1120532886686379884}
    - target: {fileID: 13787996, guid: 30cf93deff988e74e88a144bd2127c18, type: 3}
      propertyPath: m_Bones.Array.data[6]
      value: 
      objectReference: {fileID: 1120532886686336074}
    - target: {fileID: 13787996, guid: 30cf93deff988e74e88a144bd2127c18, type: 3}
      propertyPath: m_Bones.Array.data[7]
      value: 
      objectReference: {fileID: 1120532886686352342}
    - target: {fileID: 13787996, guid: 30cf93deff988e74e88a144bd2127c18, type: 3}
      propertyPath: m_Bones.Array.data[8]
      value: 
      objectReference: {fileID: 1120532886686348114}
    - target: {fileID: 13787996, guid: 30cf93deff988e74e88a144bd2127c18, type: 3}
      propertyPath: m_Bones.Array.data[9]
      value: 
      objectReference: {fileID: 1120532886686320856}
    - target: {fileID: 13787996, guid: 30cf93deff988e74e88a144bd2127c18, type: 3}
      propertyPath: m_Bones.Array.data[10]
      value: 
      objectReference: {fileID: 1120532886686330598}
    - target: {fileID: 13787996, guid: 30cf93deff988e74e88a144bd2127c18, type: 3}
      propertyPath: m_Bones.Array.data[11]
      value: 
      objectReference: {fileID: 1120532886686319020}
    - target: {fileID: 13787996, guid: 30cf93deff988e74e88a144bd2127c18, type: 3}
      propertyPath: m_Bones.Array.data[12]
      value: 
      objectReference: {fileID: 1120532886686357712}
    - target: {fileID: 13787996, guid: 30cf93deff988e74e88a144bd2127c18, type: 3}
      propertyPath: m_Bones.Array.data[13]
      value: 
      objectReference: {fileID: 1120532886686282976}
    - target: {fileID: 13787996, guid: 30cf93deff988e74e88a144bd2127c18, type: 3}
      propertyPath: m_Bones.Array.data[14]
      value: 
      objectReference: {fileID: 1120532886686358048}
    - target: {fileID: 13787996, guid: 30cf93deff988e74e88a144bd2127c18, type: 3}
      propertyPath: m_Bones.Array.data[15]
      value: 
      objectReference: {fileID: 1120532886686328890}
    - target: {fileID: 13787996, guid: 30cf93deff988e74e88a144bd2127c18, type: 3}
      propertyPath: m_Bones.Array.data[16]
      value: 
      objectReference: {fileID: 1120532886686315750}
    - target: {fileID: 13787996, guid: 30cf93deff988e74e88a144bd2127c18, type: 3}
      propertyPath: m_Bones.Array.data[17]
      value: 
      objectReference: {fileID: 1120532886686336002}
    - target: {fileID: 13787996, guid: 30cf93deff988e74e88a144bd2127c18, type: 3}
      propertyPath: m_Bones.Array.data[18]
      value: 
      objectReference: {fileID: 1120532886686341758}
    - target: {fileID: 13787996, guid: 30cf93deff988e74e88a144bd2127c18, type: 3}
      propertyPath: m_Bones.Array.data[19]
      value: 
      objectReference: {fileID: 1120532886686348964}
    - target: {fileID: 13787996, guid: 30cf93deff988e74e88a144bd2127c18, type: 3}
      propertyPath: m_Bones.Array.data[20]
      value: 
      objectReference: {fileID: 1120532886686339880}
    - target: {fileID: 13787996, guid: 30cf93deff988e74e88a144bd2127c18, type: 3}
      propertyPath: m_Bones.Array.data[21]
      value: 
      objectReference: {fileID: 1120532886686318572}
    - target: {fileID: 13787996, guid: 30cf93deff988e74e88a144bd2127c18, type: 3}
      propertyPath: m_Bones.Array.data[22]
      value: 
      objectReference: {fileID: 1120532886686344580}
    - target: {fileID: 13787996, guid: 30cf93deff988e74e88a144bd2127c18, type: 3}
      propertyPath: m_Bones.Array.data[23]
      value: 
      objectReference: {fileID: 1120532886686359936}
    - target: {fileID: 13787996, guid: 30cf93deff988e74e88a144bd2127c18, type: 3}
      propertyPath: m_Bones.Array.data[24]
      value: 
      objectReference: {fileID: 1120532886686298506}
    - target: {fileID: 13787996, guid: 30cf93deff988e74e88a144bd2127c18, type: 3}
      propertyPath: m_Bones.Array.data[25]
      value: 
      objectReference: {fileID: 1120532886686362102}
    - target: {fileID: 13787996, guid: 30cf93deff988e74e88a144bd2127c18, type: 3}
      propertyPath: m_Bones.Array.data[26]
      value: 
      objectReference: {fileID: 1120532886686307618}
    - target: {fileID: 13787996, guid: 30cf93deff988e74e88a144bd2127c18, type: 3}
      propertyPath: m_Bones.Array.data[27]
      value: 
      objectReference: {fileID: 1120532886686300370}
    - target: {fileID: 13787996, guid: 30cf93deff988e74e88a144bd2127c18, type: 3}
      propertyPath: m_Bones.Array.data[28]
      value: 
      objectReference: {fileID: 1120532886686355862}
    - target: {fileID: 13787996, guid: 30cf93deff988e74e88a144bd2127c18, type: 3}
      propertyPath: m_Bones.Array.data[29]
      value: 
      objectReference: {fileID: 1120532886686359768}
    - target: {fileID: 13787996, guid: 30cf93deff988e74e88a144bd2127c18, type: 3}
      propertyPath: m_Bones.Array.data[30]
      value: 
      objectReference: {fileID: 1120532886686287068}
    - target: {fileID: 13787996, guid: 30cf93deff988e74e88a144bd2127c18, type: 3}
      propertyPath: m_Bones.Array.data[31]
      value: 
      objectReference: {fileID: 1120532886686358512}
    - target: {fileID: 13787996, guid: 30cf93deff988e74e88a144bd2127c18, type: 3}
      propertyPath: m_Bones.Array.data[32]
      value: 
      objectReference: {fileID: 1120532886686282108}
    - target: {fileID: 13787996, guid: 30cf93deff988e74e88a144bd2127c18, type: 3}
      propertyPath: m_Bones.Array.data[33]
      value: 
      objectReference: {fileID: 1120532886686312698}
    - target: {fileID: 13787996, guid: 30cf93deff988e74e88a144bd2127c18, type: 3}
      propertyPath: m_Bones.Array.data[34]
      value: 
      objectReference: {fileID: 1120532886686350982}
    - target: {fileID: 13787996, guid: 30cf93deff988e74e88a144bd2127c18, type: 3}
      propertyPath: m_Bones.Array.data[35]
      value: 
      objectReference: {fileID: 1120532886686324450}
    - target: {fileID: 13787996, guid: 30cf93deff988e74e88a144bd2127c18, type: 3}
      propertyPath: m_Bones.Array.data[36]
      value: 
      objectReference: {fileID: 1120532886686348038}
    - target: {fileID: 13787996, guid: 30cf93deff988e74e88a144bd2127c18, type: 3}
      propertyPath: m_Bones.Array.data[37]
      value: 
      objectReference: {fileID: 1120532886686285176}
    - target: {fileID: 13787996, guid: 30cf93deff988e74e88a144bd2127c18, type: 3}
      propertyPath: m_Bones.Array.data[38]
      value: 
      objectReference: {fileID: 1120532886686319744}
    - target: {fileID: 13787996, guid: 30cf93deff988e74e88a144bd2127c18, type: 3}
      propertyPath: m_Bones.Array.data[39]
      value: 
      objectReference: {fileID: 1120532886686310506}
    - target: {fileID: 13787996, guid: 30cf93deff988e74e88a144bd2127c18, type: 3}
      propertyPath: m_Bones.Array.data[40]
      value: 
      objectReference: {fileID: 1120532886686334074}
    - target: {fileID: 13787996, guid: 30cf93deff988e74e88a144bd2127c18, type: 3}
      propertyPath: m_Bones.Array.data[41]
      value: 
      objectReference: {fileID: 1120532886686345206}
    - target: {fileID: 13787996, guid: 30cf93deff988e74e88a144bd2127c18, type: 3}
      propertyPath: m_Bones.Array.data[42]
      value: 
      objectReference: {fileID: 1120532886686365682}
    - target: {fileID: 13787996, guid: 30cf93deff988e74e88a144bd2127c18, type: 3}
      propertyPath: m_Bones.Array.data[43]
      value: 
      objectReference: {fileID: 1120532886686326650}
    - target: {fileID: 13787996, guid: 30cf93deff988e74e88a144bd2127c18, type: 3}
      propertyPath: m_Bones.Array.data[44]
      value: 
      objectReference: {fileID: 1120532886686349966}
    - target: {fileID: 13787996, guid: 30cf93deff988e74e88a144bd2127c18, type: 3}
      propertyPath: m_Bones.Array.data[45]
      value: 
      objectReference: {fileID: 1120532886686291168}
    - target: {fileID: 13787996, guid: 30cf93deff988e74e88a144bd2127c18, type: 3}
      propertyPath: m_Bones.Array.data[46]
      value: 
      objectReference: {fileID: 1120532886686330724}
    - target: {fileID: 13787996, guid: 30cf93deff988e74e88a144bd2127c18, type: 3}
      propertyPath: m_Bones.Array.data[47]
      value: 
      objectReference: {fileID: 1120532886686315152}
    - target: {fileID: 13787996, guid: 30cf93deff988e74e88a144bd2127c18, type: 3}
      propertyPath: m_Bones.Array.data[48]
      value: 
      objectReference: {fileID: 1120532886686372560}
    - target: {fileID: 13787996, guid: 30cf93deff988e74e88a144bd2127c18, type: 3}
      propertyPath: m_RootBone
      value: 
      objectReference: {fileID: 1120532886686274798}
    - target: {fileID: 13787996, guid: 30cf93deff988e74e88a144bd2127c18, type: 3}
      propertyPath: m_Materials.Array.data[0]
      value: 
      objectReference: {fileID: 2100000, guid: 3f6fc0cf5e5d31c458bc74ede87cb8ae, type: 2}
    m_RemovedComponents: []
  m_SourcePrefab: {fileID: 100100000, guid: 30cf93deff988e74e88a144bd2127c18, type: 3}
--- !u!4 &1120532886686310614 stripped
Transform:
  m_CorrespondingSourceObject: {fileID: 438026, guid: 30cf93deff988e74e88a144bd2127c18,
    type: 3}
  m_PrefabInstance: {fileID: 1120532886686142428}
  m_PrefabAsset: {fileID: 0}
--- !u!4 &1120532886686310506 stripped
Transform:
  m_CorrespondingSourceObject: {fileID: 438198, guid: 30cf93deff988e74e88a144bd2127c18,
    type: 3}
  m_PrefabInstance: {fileID: 1120532886686142428}
  m_PrefabAsset: {fileID: 0}
--- !u!4 &1120532886686274798 stripped
Transform:
  m_CorrespondingSourceObject: {fileID: 400178, guid: 30cf93deff988e74e88a144bd2127c18,
    type: 3}
  m_PrefabInstance: {fileID: 1120532886686142428}
  m_PrefabAsset: {fileID: 0}
--- !u!4 &1120532886686317540 stripped
Transform:
  m_CorrespondingSourceObject: {fileID: 439352, guid: 30cf93deff988e74e88a144bd2127c18,
    type: 3}
  m_PrefabInstance: {fileID: 1120532886686142428}
  m_PrefabAsset: {fileID: 0}
--- !u!4 &1120532886686304450 stripped
Transform:
  m_CorrespondingSourceObject: {fileID: 427806, guid: 30cf93deff988e74e88a144bd2127c18,
    type: 3}
  m_PrefabInstance: {fileID: 1120532886686142428}
  m_PrefabAsset: {fileID: 0}
--- !u!4 &1120532886686339880 stripped
Transform:
  m_CorrespondingSourceObject: {fileID: 466164, guid: 30cf93deff988e74e88a144bd2127c18,
    type: 3}
  m_PrefabInstance: {fileID: 1120532886686142428}
  m_PrefabAsset: {fileID: 0}
--- !u!4 &1120532886686321328 stripped
Transform:
  m_CorrespondingSourceObject: {fileID: 443756, guid: 30cf93deff988e74e88a144bd2127c18,
    type: 3}
  m_PrefabInstance: {fileID: 1120532886686142428}
  m_PrefabAsset: {fileID: 0}
--- !u!4 &1120532886686320856 stripped
Transform:
  m_CorrespondingSourceObject: {fileID: 444164, guid: 30cf93deff988e74e88a144bd2127c18,
    type: 3}
  m_PrefabInstance: {fileID: 1120532886686142428}
  m_PrefabAsset: {fileID: 0}
--- !u!4 &1120532886686330598 stripped
Transform:
  m_CorrespondingSourceObject: {fileID: 450874, guid: 30cf93deff988e74e88a144bd2127c18,
    type: 3}
  m_PrefabInstance: {fileID: 1120532886686142428}
  m_PrefabAsset: {fileID: 0}
--- !u!4 &1120532886686319020 stripped
Transform:
  m_CorrespondingSourceObject: {fileID: 446064, guid: 30cf93deff988e74e88a144bd2127c18,
    type: 3}
  m_PrefabInstance: {fileID: 1120532886686142428}
  m_PrefabAsset: {fileID: 0}
--- !u!4 &1120532886686357712 stripped
Transform:
  m_CorrespondingSourceObject: {fileID: 481036, guid: 30cf93deff988e74e88a144bd2127c18,
    type: 3}
  m_PrefabInstance: {fileID: 1120532886686142428}
  m_PrefabAsset: {fileID: 0}
--- !u!4 &1120532886686318572 stripped
Transform:
  m_CorrespondingSourceObject: {fileID: 438320, guid: 30cf93deff988e74e88a144bd2127c18,
    type: 3}
  m_PrefabInstance: {fileID: 1120532886686142428}
  m_PrefabAsset: {fileID: 0}
--- !u!4 &1120532886686344580 stripped
Transform:
  m_CorrespondingSourceObject: {fileID: 469592, guid: 30cf93deff988e74e88a144bd2127c18,
    type: 3}
  m_PrefabInstance: {fileID: 1120532886686142428}
  m_PrefabAsset: {fileID: 0}
--- !u!4 &1120532886686359936 stripped
Transform:
  m_CorrespondingSourceObject: {fileID: 487004, guid: 30cf93deff988e74e88a144bd2127c18,
    type: 3}
  m_PrefabInstance: {fileID: 1120532886686142428}
  m_PrefabAsset: {fileID: 0}
--- !u!4 &1120532886686315750 stripped
Transform:
  m_CorrespondingSourceObject: {fileID: 441146, guid: 30cf93deff988e74e88a144bd2127c18,
    type: 3}
  m_PrefabInstance: {fileID: 1120532886686142428}
  m_PrefabAsset: {fileID: 0}
--- !u!4 &1120532886686336002 stripped
Transform:
  m_CorrespondingSourceObject: {fileID: 461790, guid: 30cf93deff988e74e88a144bd2127c18,
    type: 3}
  m_PrefabInstance: {fileID: 1120532886686142428}
  m_PrefabAsset: {fileID: 0}
--- !u!4 &1120532886686341758 stripped
Transform:
  m_CorrespondingSourceObject: {fileID: 464290, guid: 30cf93deff988e74e88a144bd2127c18,
    type: 3}
  m_PrefabInstance: {fileID: 1120532886686142428}
  m_PrefabAsset: {fileID: 0}
--- !u!4 &1120532886686348964 stripped
Transform:
  m_CorrespondingSourceObject: {fileID: 473464, guid: 30cf93deff988e74e88a144bd2127c18,
    type: 3}
  m_PrefabInstance: {fileID: 1120532886686142428}
  m_PrefabAsset: {fileID: 0}
--- !u!4 &1120532886686282976 stripped
Transform:
  m_CorrespondingSourceObject: {fileID: 408380, guid: 30cf93deff988e74e88a144bd2127c18,
    type: 3}
  m_PrefabInstance: {fileID: 1120532886686142428}
  m_PrefabAsset: {fileID: 0}
--- !u!4 &1120532886686358048 stripped
Transform:
  m_CorrespondingSourceObject: {fileID: 480764, guid: 30cf93deff988e74e88a144bd2127c18,
    type: 3}
  m_PrefabInstance: {fileID: 1120532886686142428}
  m_PrefabAsset: {fileID: 0}
--- !u!4 &1120532886686328890 stripped
Transform:
  m_CorrespondingSourceObject: {fileID: 452582, guid: 30cf93deff988e74e88a144bd2127c18,
    type: 3}
  m_PrefabInstance: {fileID: 1120532886686142428}
  m_PrefabAsset: {fileID: 0}
--- !u!4 &1120532886686298506 stripped
Transform:
  m_CorrespondingSourceObject: {fileID: 425558, guid: 30cf93deff988e74e88a144bd2127c18,
    type: 3}
  m_PrefabInstance: {fileID: 1120532886686142428}
  m_PrefabAsset: {fileID: 0}
--- !u!4 &1120532886686362102 stripped
Transform:
  m_CorrespondingSourceObject: {fileID: 484906, guid: 30cf93deff988e74e88a144bd2127c18,
    type: 3}
  m_PrefabInstance: {fileID: 1120532886686142428}
  m_PrefabAsset: {fileID: 0}
--- !u!4 &1120532886686307618 stripped
Transform:
  m_CorrespondingSourceObject: {fileID: 432894, guid: 30cf93deff988e74e88a144bd2127c18,
    type: 3}
  m_PrefabInstance: {fileID: 1120532886686142428}
  m_PrefabAsset: {fileID: 0}
--- !u!4 &1120532886686300370 stripped
Transform:
  m_CorrespondingSourceObject: {fileID: 423694, guid: 30cf93deff988e74e88a144bd2127c18,
    type: 3}
  m_PrefabInstance: {fileID: 1120532886686142428}
  m_PrefabAsset: {fileID: 0}
--- !u!4 &1120532886686324450 stripped
Transform:
  m_CorrespondingSourceObject: {fileID: 448830, guid: 30cf93deff988e74e88a144bd2127c18,
    type: 3}
  m_PrefabInstance: {fileID: 1120532886686142428}
  m_PrefabAsset: {fileID: 0}
--- !u!4 &1120532886686348038 stripped
Transform:
  m_CorrespondingSourceObject: {fileID: 474330, guid: 30cf93deff988e74e88a144bd2127c18,
    type: 3}
  m_PrefabInstance: {fileID: 1120532886686142428}
  m_PrefabAsset: {fileID: 0}
--- !u!4 &1120532886686285176 stripped
Transform:
  m_CorrespondingSourceObject: {fileID: 406180, guid: 30cf93deff988e74e88a144bd2127c18,
    type: 3}
  m_PrefabInstance: {fileID: 1120532886686142428}
  m_PrefabAsset: {fileID: 0}
--- !u!4 &1120532886686319744 stripped
Transform:
  m_CorrespondingSourceObject: {fileID: 445276, guid: 30cf93deff988e74e88a144bd2127c18,
    type: 3}
  m_PrefabInstance: {fileID: 1120532886686142428}
  m_PrefabAsset: {fileID: 0}
--- !u!4 &1120532886686358512 stripped
Transform:
  m_CorrespondingSourceObject: {fileID: 480300, guid: 30cf93deff988e74e88a144bd2127c18,
    type: 3}
  m_PrefabInstance: {fileID: 1120532886686142428}
  m_PrefabAsset: {fileID: 0}
--- !u!4 &1120532886686282108 stripped
Transform:
  m_CorrespondingSourceObject: {fileID: 409248, guid: 30cf93deff988e74e88a144bd2127c18,
    type: 3}
  m_PrefabInstance: {fileID: 1120532886686142428}
  m_PrefabAsset: {fileID: 0}
--- !u!4 &1120532886686312698 stripped
Transform:
  m_CorrespondingSourceObject: {fileID: 436006, guid: 30cf93deff988e74e88a144bd2127c18,
    type: 3}
  m_PrefabInstance: {fileID: 1120532886686142428}
  m_PrefabAsset: {fileID: 0}
--- !u!4 &1120532886686350982 stripped
Transform:
  m_CorrespondingSourceObject: {fileID: 471386, guid: 30cf93deff988e74e88a144bd2127c18,
    type: 3}
  m_PrefabInstance: {fileID: 1120532886686142428}
  m_PrefabAsset: {fileID: 0}
--- !u!4 &1120532886686355862 stripped
Transform:
  m_CorrespondingSourceObject: {fileID: 482890, guid: 30cf93deff988e74e88a144bd2127c18,
    type: 3}
  m_PrefabInstance: {fileID: 1120532886686142428}
  m_PrefabAsset: {fileID: 0}
--- !u!4 &1120532886686359768 stripped
Transform:
  m_CorrespondingSourceObject: {fileID: 487172, guid: 30cf93deff988e74e88a144bd2127c18,
    type: 3}
  m_PrefabInstance: {fileID: 1120532886686142428}
  m_PrefabAsset: {fileID: 0}
--- !u!4 &1120532886686287068 stripped
Transform:
  m_CorrespondingSourceObject: {fileID: 412416, guid: 30cf93deff988e74e88a144bd2127c18,
    type: 3}
  m_PrefabInstance: {fileID: 1120532886686142428}
  m_PrefabAsset: {fileID: 0}
--- !u!4 &1120532886686379884 stripped
Transform:
  m_CorrespondingSourceObject: {fileID: 499888, guid: 30cf93deff988e74e88a144bd2127c18,
    type: 3}
  m_PrefabInstance: {fileID: 1120532886686142428}
  m_PrefabAsset: {fileID: 0}
--- !u!4 &1120532886686336074 stripped
Transform:
  m_CorrespondingSourceObject: {fileID: 461718, guid: 30cf93deff988e74e88a144bd2127c18,
    type: 3}
  m_PrefabInstance: {fileID: 1120532886686142428}
  m_PrefabAsset: {fileID: 0}
--- !u!4 &1120532886686348114 stripped
Transform:
  m_CorrespondingSourceObject: {fileID: 474254, guid: 30cf93deff988e74e88a144bd2127c18,
    type: 3}
  m_PrefabInstance: {fileID: 1120532886686142428}
  m_PrefabAsset: {fileID: 0}
--- !u!4 &1120532886686349966 stripped
Transform:
  m_CorrespondingSourceObject: {fileID: 472402, guid: 30cf93deff988e74e88a144bd2127c18,
    type: 3}
  m_PrefabInstance: {fileID: 1120532886686142428}
  m_PrefabAsset: {fileID: 0}
--- !u!4 &1120532886686291168 stripped
Transform:
  m_CorrespondingSourceObject: {fileID: 416572, guid: 30cf93deff988e74e88a144bd2127c18,
    type: 3}
  m_PrefabInstance: {fileID: 1120532886686142428}
  m_PrefabAsset: {fileID: 0}
--- !u!4 &1120532886686330724 stripped
Transform:
  m_CorrespondingSourceObject: {fileID: 450744, guid: 30cf93deff988e74e88a144bd2127c18,
    type: 3}
  m_PrefabInstance: {fileID: 1120532886686142428}
  m_PrefabAsset: {fileID: 0}
--- !u!4 &1120532886686315152 stripped
Transform:
  m_CorrespondingSourceObject: {fileID: 441676, guid: 30cf93deff988e74e88a144bd2127c18,
    type: 3}
  m_PrefabInstance: {fileID: 1120532886686142428}
  m_PrefabAsset: {fileID: 0}
--- !u!4 &1120532886686372560 stripped
Transform:
  m_CorrespondingSourceObject: {fileID: 498956, guid: 30cf93deff988e74e88a144bd2127c18,
    type: 3}
  m_PrefabInstance: {fileID: 1120532886686142428}
  m_PrefabAsset: {fileID: 0}
--- !u!4 &1120532886686352342 stripped
Transform:
  m_CorrespondingSourceObject: {fileID: 478218, guid: 30cf93deff988e74e88a144bd2127c18,
    type: 3}
  m_PrefabInstance: {fileID: 1120532886686142428}
  m_PrefabAsset: {fileID: 0}
--- !u!4 &1120532886686334074 stripped
Transform:
  m_CorrespondingSourceObject: {fileID: 455590, guid: 30cf93deff988e74e88a144bd2127c18,
    type: 3}
  m_PrefabInstance: {fileID: 1120532886686142428}
  m_PrefabAsset: {fileID: 0}
--- !u!4 &1120532886686345206 stripped
Transform:
  m_CorrespondingSourceObject: {fileID: 469034, guid: 30cf93deff988e74e88a144bd2127c18,
    type: 3}
  m_PrefabInstance: {fileID: 1120532886686142428}
  m_PrefabAsset: {fileID: 0}
--- !u!4 &1120532886686365682 stripped
Transform:
  m_CorrespondingSourceObject: {fileID: 489518, guid: 30cf93deff988e74e88a144bd2127c18,
    type: 3}
  m_PrefabInstance: {fileID: 1120532886686142428}
  m_PrefabAsset: {fileID: 0}
--- !u!4 &1120532886686326650 stripped
Transform:
  m_CorrespondingSourceObject: {fileID: 446630, guid: 30cf93deff988e74e88a144bd2127c18,
    type: 3}
  m_PrefabInstance: {fileID: 1120532886686142428}
  m_PrefabAsset: {fileID: 0}
--- !u!1001 &8623109892698926084
PrefabInstance:
  m_ObjectHideFlags: 0
  serializedVersion: 2
  m_Modification:
    m_TransformParent: {fileID: 0}
    m_Modifications:
    - target: {fileID: 1707205472051976710, guid: d15f27589feae6b44a358455165f3a76,
        type: 3}
      propertyPath: m_Name
      value: PlayerPrefabsVar
      objectReference: {fileID: 0}
    - target: {fileID: 1707205472051976710, guid: d15f27589feae6b44a358455165f3a76,
        type: 3}
      propertyPath: m_TagString
      value: Player
      objectReference: {fileID: 0}
    - target: {fileID: 1707205472051976714, guid: d15f27589feae6b44a358455165f3a76,
        type: 3}
      propertyPath: m_LocalPosition.x
      value: -3.5560486
      objectReference: {fileID: 0}
    - target: {fileID: 1707205472051976714, guid: d15f27589feae6b44a358455165f3a76,
        type: 3}
      propertyPath: m_LocalPosition.y
      value: 0
      objectReference: {fileID: 0}
    - target: {fileID: 1707205472051976714, guid: d15f27589feae6b44a358455165f3a76,
        type: 3}
      propertyPath: m_LocalPosition.z
      value: -2.1165268
      objectReference: {fileID: 0}
    - target: {fileID: 1707205472051976714, guid: d15f27589feae6b44a358455165f3a76,
        type: 3}
      propertyPath: m_LocalRotation.x
      value: -0
      objectReference: {fileID: 0}
    - target: {fileID: 1707205472051976714, guid: d15f27589feae6b44a358455165f3a76,
        type: 3}
      propertyPath: m_LocalRotation.y
      value: 0.8729064
      objectReference: {fileID: 0}
    - target: {fileID: 1707205472051976714, guid: d15f27589feae6b44a358455165f3a76,
        type: 3}
      propertyPath: m_LocalRotation.z
      value: -0
      objectReference: {fileID: 0}
    - target: {fileID: 1707205472051976714, guid: d15f27589feae6b44a358455165f3a76,
        type: 3}
      propertyPath: m_LocalRotation.w
      value: 0.48788783
      objectReference: {fileID: 0}
    - target: {fileID: 1707205472051976714, guid: d15f27589feae6b44a358455165f3a76,
        type: 3}
      propertyPath: m_RootOrder
      value: 0
      objectReference: {fileID: 0}
    - target: {fileID: 1707205472051976714, guid: d15f27589feae6b44a358455165f3a76,
        type: 3}
      propertyPath: m_LocalEulerAnglesHint.x
      value: 0
      objectReference: {fileID: 0}
    - target: {fileID: 1707205472051976714, guid: d15f27589feae6b44a358455165f3a76,
        type: 3}
      propertyPath: m_LocalEulerAnglesHint.y
      value: 121.59601
      objectReference: {fileID: 0}
    - target: {fileID: 1707205472051976714, guid: d15f27589feae6b44a358455165f3a76,
        type: 3}
      propertyPath: m_LocalEulerAnglesHint.z
      value: 0
      objectReference: {fileID: 0}
    - target: {fileID: 7608682258116850341, guid: d15f27589feae6b44a358455165f3a76,
        type: 3}
      propertyPath: _weaponRange
      value: 1.5
      objectReference: {fileID: 0}
    m_RemovedComponents: []
  m_SourcePrefab: {fileID: 100100000, guid: d15f27589feae6b44a358455165f3a76, type: 3}
--- !u!4 &6924924989061412366 stripped
Transform:
  m_CorrespondingSourceObject: {fileID: 1707205472051976714, guid: d15f27589feae6b44a358455165f3a76,
    type: 3}
  m_PrefabInstance: {fileID: 8623109892698926084}
  m_PrefabAsset: {fileID: 0}
--- !u!1 &6924924989061412354 stripped
GameObject:
  m_CorrespondingSourceObject: {fileID: 1707205472051976710, guid: d15f27589feae6b44a358455165f3a76,
    type: 3}
  m_PrefabInstance: {fileID: 8623109892698926084}
  m_PrefabAsset: {fileID: 0}
